
@article{Kleven, Landais, & Søgaard 
  author  = {Henrik Kleven, Camille Landais, Jakob Egholt Søgaard},
  journal = {NATIONAL BUREAU OF ECONOMIC RESEARCH},
  title   = {Children and Gender Inequality: Evidence from Denmark},
  year    = {2018}
}

